% This file was created with JabRef 2.4.1.
% Encoding: UTF-8

@INPROCEEDINGS{Gehrke2003,
  author = {Johannes Gehrke and Samuel Madden},
  title = {Query Processing in Sensor Networks},
  booktitle = {in CIDR},
  year = {2003}
}

@INPROCEEDINGS{He2007,
  author = {Zhitao He and Fredrik Osterlind and Adam Dunkels},
  title = {An Adaptive Communication Architecture for Wireless Sensor Networks},
  booktitle = {Proceedings of ACM SenSys 2007},
  year = {2007},
  pages = {14},
  address = {Sydney, Australia},
  isbn = {1-59593-763-6}
}

@MISC{Hyyrylaeinen2005,
  author = {Jari Hyyrylainen and Iiro Jantunen},
  title = {SSI protocol specification -- Version 1.0},
  month = {11},
  year = {2005},
  url = {http://ssi-protocol.net/}
}

@MISC{Jaikaeo2000,
  author = {Chaiporn Jaikaeo and Chavalit Srisathapornphat and Chien-chung Shen},
  title = {Querying and Tasking in Sensor Networks},
  month = jul # {~11},
  year = {2000},
  abstract = {snipped},
  annote = {snipped},
  bibsource = {OAI-PMH server at cs1.ist.psu.edu},
  citeseer-references = {oai:CiteSeerPSU:268796; oai:CiteSeerPSU:348333; oai:CiteSeerPSU:47679;
	oai:CiteSeerPSU:94030; oai:CiteSeerPSU:49066},
  language = {en},
  oai = {oai:CiteSeerPSU:530306},
  rights = {unrestricted},
  url = {http://citeseer.ist.psu.edu/530306.html; http://www.cis.udel.edu/~degas/Publications/jaikaeo00query.pdf}
}

@ARTICLE{Madden2002,
  author = {Madden, S. and Franklin, M.J.},
  title = {Fjording the stream: an architecture for queries over streaming sensor
	data},
  journal = {Data Engineering, 2002. Proceedings. 18th International Conference
	on},
  year = {2002},
  pages = {555-566},
  abstract = {snipped},
  doi = {10.1109/ICDE.2002.994774},
  keywords = {snipped}
}

@INPROCEEDINGS{Shi2004,
  author = {Weisong Shi and Sivakumar Sellamuthu and Kewei Sha and Loren Schwiebert},
  title = {QueryAgent: {A} General Query Processing Tool for Sensor Networks},
  booktitle = {ICPP Workshops},
  year = {2004},
  pages = {488--495},
  publisher = {IEEE Computer Society},
  _crossref = {conf/icppw/2004},
  bibdate = {2004-09-24},
  bibsource = {DBLP, http://dblp.uni-trier.de/db/conf/icppw/icppw2004.html#ShiSSS04},
  isbn = {0-7695-2198-3},
  url = {http://csdl.computer.org/comp/proceedings/icppw/2004/2198/00/21980488abs.htm}
}

@ARTICLE{Woo2004,
  author = {Alec Woo and Sam Madden and Ramesh Govindan},
  title = {Networking support for query processing in sensor networks},
  journal = {Communications of the ACM},
  year = {2004},
  volume = {47},
  pages = {47--52},
  number = {6},
  abstract = {snipped},
  keywords = {sensor and actuation networks, honours reading}
}

@INPROCEEDINGS{Yuan2008,
  author = {Fenghua Yuan and Wen-Zhan Song and Nina Peterson and Yang Peng and
	Lei Wang and Behrooz Shirazi and Richard LaHusen},
  title = {A Lightweight Sensor Network Management System Design},
  booktitle = {PerCom},
  year = {2008},
  pages = {288--293},
  publisher = {IEEE Computer Society},
  _crossref = {conf/percom/2008},
  bibdate = {2008-05-13},
  bibsource = {DBLP, http://dblp.uni-trier.de/db/conf/percom/percom2008.html#YuanSPPWSL08},
  url = {http://doi.ieeecomputersociety.org/10.1109/PERCOM.2008.36}
}

@INPROCEEDINGS{Yuan2008,
  author = {Fenghua Yuan and Wen-Zhan Song and Nina Peterson and Yang Peng and
	Lei Wang and Behrooz Shirazi and Richard LaHusen},
  title = {A Lightweight Sensor Network Management System Design},
  booktitle = {PerCom},
  year = {2008},
  pages = {288--293},
  publisher = {Aritoni},
  _crossref = {conf/percom/2008},
  bibdate = {2008-05-13},
  bibsource = {DBLP, http://dblp.uni-trier.de/db/conf/percom/percom2008.html#YuanSPPWSL08},
  url = {http://doi.ieeecomputersociety.org/10.1109/PERCOM.2008.36}
}


